@Booklet{Gil:02,
  author       = {Joseph (Yossi) Gil},
  TITLE        = {{\LaTeXe} for Graduate Students},
  year         = {2002},
  howpublished = {manuscript},
  address      = {Haifa, Israel},
}


@Misc{wikiNYC,
TITLE={Transportation in New York City},
howpublished = {\url{https://en.wikipedia.org/wiki/Transportation_in_New_York_City}},
journal={NYC},
note={Date retrieved 7-12-2019},
}


@Misc{trafficNYC,
TITLE={NYC traffic},
howpublished = {\url{http://theconversation.com/new-york-gets-serious-about-traffic-with-the-first-citywide-us-congestion-pricing-plan-114682}},
journal={information from 2019},
note={Date retrieved 7-12-2019},
}

@Misc{commuteWorld,
TITLE={Ten worst commutes in the world},
howpublished = {\url{https://www.cnbc.com/2019/04/09/the-10-cities-with-the-worst-commutes-according-to-us-news.html}},
journal={information from 2019},
note={Date retrieved 7-12-2019},
}

@Misc{growthNYC,
TITLE={Ten worst commutes in the world},
howpublished = {\url{http://worldpopulationreview.com/us-cities/new-york-city-population/}},
journal={information from 2019},
note={Date retrieved 7-12-2019},
}


@Misc{trafficNYC2,
TITLE={Traffic Index},
howpublished = {\url{https://www.tomtom.com/en_gb/traffic-index/ranking/}},
journal={information from 2018},
note={Date retrieved 7-12-2019},
}

@Misc{mobilityReportNYC2,
TITLE={New York City Mobility Report 2016},
howpublished = {\url{http://www.nyc.gov/html/dot/downloads/pdf/mobility-report-2016-print.pdf}},
journal={information from 2016},
note={Date retrieved 7-12-2019},
}



