@misc{DANE,
title={National Administrative Department for Statistics},
url={https://www.dane.gov.co/index.php/estadisticas-por-tema/demografia-y-poblacion/series-de-poblacion},
journal={DANE},
note={Date retrieved 10-2019}
}


@misc{datasetUNGRD,
title={Colombia Risk Management Unit},
url={http://portal.gestiondelriesgo.gov.co/Paginas/Consolidado-Atencion-de-Emergencias.aspx},
journal={UNGRD},
note={Date retrieved 16-10-2019}
}

@misc{divipol,
title={Methodology for the Codification of the PoliticalAdministrative Division of Colombia -DIVIPOLA-},
url={https://www.dane.gov.co/files/nomenclaturas/ingles/Methodology\%20for\%20the\%20Codification\%20of\%20the\%20Political-Administrative\%20Division\%20of\%20Colombia.pdf},
journal={Geostatistics Division},
note={Date retrieved 16-10-2019}
}

@misc{DNP2018,
title={Disaster Risk Index of Colombia},
url={https://colaboracion.dnp.gov.co/CDT/Prensa/Presentaci\%C3\%B3n\%20\%C3\%8D\%C3\%8Dndice\%20Municipal\%20de\%20Riesgo\%20de\%20Desastres.pdf},
journal={National Planning Department of Colombia},
note={Date retrieved 16-10-2019}
}